<?xml version="1.0" encoding="UTF-8"?><collection xmlns="http://www.loc.gov/MARC21/slim"><record><leader>00611nam--2200181-i-4500</leader><controlfield tag="001">000019911</controlfield><controlfield tag="002">20161230</controlfield><controlfield tag="005">20161230201033</controlfield><controlfield tag="008">060222s1000------------r-----000-0-fre-d</controlfield><datafield ind1=" " ind2=" " tag="040"><subfield code="a">IFIN-HH</subfield></datafield><datafield ind1=" " ind2=" " tag="041"><subfield code="a">fre</subfield></datafield><datafield ind1=" " ind2=" " tag="080"><subfield code="a">535.41:531.715.1(043)</subfield></datafield><datafield ind1="1" ind2=" " tag="100"><subfield code="a">Fourcade, Nicole</subfield></datafield><datafield ind1="1" ind2="0" tag="245"><subfield code="a">Determination des profils des raies atomiques par analyse de courier et de convolution des interferogrammes perot fabry. applications</subfield><subfield code="b">These</subfield><subfield code="c">Nicole fourcade</subfield></datafield><datafield ind1=" " ind2=" " tag="260"><subfield code="a">Montpellier</subfield><subfield code="b">Universite Des Sciences Et Tehcniques Du Languedoc</subfield><subfield code="c">1978</subfield></datafield><datafield ind1=" " ind2=" " tag="300"><subfield code="a">226 P</subfield></datafield><datafield ind1=" " ind2=" " tag="852"><subfield code="a">48502</subfield><subfield code="c">535</subfield></datafield><datafield ind1=" " ind2=" " tag="CAT"><subfield code="a">Sys</subfield><subfield code="c">20110125</subfield><subfield code="h">143537</subfield></datafield></record></collection>